<?xml version="1.0" encoding="UTF-8"?><collection xmlns="http://www.loc.gov/MARC21/slim"><record><leader>00462nam--2200169-i-4500</leader><controlfield tag="001">000003675</controlfield><controlfield tag="002">20161230</controlfield><controlfield tag="005">20170118181628</controlfield><controlfield tag="008">060222s1000------------r-----000-0-eng-d</controlfield><datafield ind1=" " ind2=" " tag="100"><subfield code="a">Bartels, Julius</subfield></datafield><datafield ind1=" " ind2=" " tag="245"><subfield code="a">Ein q index fur die erdmagnetische aktivitat in viertelstundlichen intervallen</subfield></datafield><datafield ind1=" " ind2=" " tag="260"><subfield code="a">Gottingen</subfield><subfield code="b">Vandenhoek</subfield><subfield code="c">1956</subfield></datafield><datafield ind1=" " ind2=" " tag="300"><subfield code="a">36 p</subfield></datafield><datafield ind1=" " ind2=" " tag="490"><subfield code="a">Abhandlungen</subfield></datafield><datafield ind1=" " ind2=" " tag="700"><subfield code="a">Fukushima,Naoshi</subfield></datafield><datafield ind1=" " ind2=" " tag="852"><subfield code="a">4813</subfield></datafield><datafield ind1=" " ind2=" " tag="CAT"><subfield code="a">SYS</subfield><subfield code="c">20170118</subfield><subfield code="h">181628</subfield></datafield></record></collection>